@book{warburton2020basics,
	title={The basics of essay writing},
	author={Warburton, Nigel},
	year={2020},
	publisher={Routledge}
}
@article{basics2,
	title={Essay writing and the quality of feedback},
	author={Hounsell, Dai},
	journal={Student learning: Research in education and cognitive psychology},
	pages={109--119},
	year={1987}
}
@article{contrast,
	title={Contrasting conceptions of essay-writing},
	author={Hounsell, Dai},
	journal={The experience of learning},
	volume={2},
	number={1},
	pages={106--125},
	year={1997},
	publisher={Edinburgh, Scotland: Scottish Academic Press}
}

@misc{bbc,
	title = {How to write an essay},
	url = {https://www.bbc.co.uk/bitesize/topics/zv7fqp3/articles/znvn92p},
	journal = {BBC Bytesize},
	author = {Hardy, Thomas},
	note = {publisher: BBC UK},
}

@misc{basics,
	title = {Essay {Writing}},
	url = {https://owl.purdue.edu/owl/general_writing/academic_writing/essay_writing/index.html},
	journal = {Purdue Online Writing Lab},
	author = {Zurton, William},
	note = {publisher: Purdue University},
}

@misc{chicago,
	title = {{BibTeX} chicago bibliography style - {BibTeX}.com},
	url = {https://www.bibtex.com/s/bibliography-style-chicago-chicago/},
	abstract = {BibTeX chicago bibliography style with citation examples for: ✓Journal articles ✓Books ✓Book chapters ✓Reports ...},
	journal = {Paperpile},
}

@misc{arguementative,
	title = {3 {Strong} {Argumentative} {Essay} {Examples}, {Analyzed}},
	url = {https://blog.prepscholar.com/argumentative-essay-examples},
	abstract = {Looking for good argumentative essay examples? Check out our full analysis of 3 argumentative essay samples to help you write your own.},
	language = {en-us},
	journal = {Prepscholar},
	author = {Sarikas, Christine},
	note = {publisher: Prepscholar},
}

@misc{narrative,
	title = {Narrative {Essay} {Examples} and {Key} {Elements}},
	url = {https://examples.yourdictionary.com/narrative-essay-examples.html},
	abstract = {Before you write your narrative essay, you can get a better idea of what to do with a narrative essay example. See real samples along with essential tips.},
	language = {en},
	journal = {YourDictionary},
	author = {Kittelstad, Kit},
	note = {publisher: },
}

@misc{descriptive,
	title = {Descriptive {Essay} {Examples}},
	url = {https://examples.yourdictionary.com/descriptive-essay-examples.html},
	abstract = {Here are examples of descriptive essays that will help you strike a balance between being too personal and too formal. They'll give a good idea of the writing style you should strive to use.},
	language = {en},
	journal = {YourDictionary},
	author = {Salter, Matt},
	note = {publisher: },
}

@misc{expository,
	title = {Free {Expository} {Essay} {Examples} {To} {Help} {You} {Write}},
	url = {https://www.5staressays.com/blog/expository-essay-guide/expository-essay-examples},
	abstract = {Want to learn the art of writing great expository essays? This blog discusses expository essay examples with a simple guide to help you write better.},
	language = {en},
	journal = {5 Star Essays},
}
